<record><leader>00000cas a22000007a 4500</leader><controlfield tag="001">19877418</controlfield><controlfield tag="008">890615d19121924mauwr ne      0    0eng d</controlfield><controlfield tag="009">9107</controlfield><datafield ind1=" " ind2=" " tag="010"><subfield code="a">sn 89062076 </subfield></datafield><datafield ind1=" " ind2=" " tag="040"><subfield code="a">MGN</subfield><subfield code="b">eng</subfield><subfield code="c">MGN</subfield><subfield code="d">DLC</subfield></datafield><datafield ind1=" " ind2=" " tag="042"><subfield code="a">msc</subfield></datafield><datafield ind1="0" ind2=" " tag="130"><subfield code="a">Hyde Park gazette-times (Hyde Park, Mass. : 1912)</subfield></datafield><datafield ind1="0" ind2="4" tag="245"><subfield code="a">The Hyde Park gazette-times.</subfield></datafield><datafield ind1="0" ind2="0" tag="246"><subfield code="a">Hyde Park gazette times</subfield></datafield><datafield ind1=" " ind2=" " tag="260"><subfield code="a">Hyde Park [Boston], Mass. :</subfield><subfield code="b">Norfolk Press,</subfield></datafield><datafield ind1=" " ind2=" " tag="300"><subfield code="a">v.</subfield></datafield><datafield ind1=" " ind2=" " tag="310"><subfield code="a">Weekly</subfield></datafield><datafield ind1="0" ind2=" " tag="362"><subfield code="a">Vol. 1, no. 1 (Mar. 6, 1912)-v. 13, no. 13 (Mar. 27, 1924).</subfield></datafield><datafield ind1=" " ind2=" " tag="752"><subfield code="a">United States</subfield><subfield code="b">Massachusetts</subfield><subfield code="c">Suffolk</subfield><subfield code="d">Boston.</subfield></datafield><datafield ind1="0" ind2="4" tag="780"><subfield code="t">Hyde Park gazette</subfield><subfield code="w">(DLC)sn 89062075</subfield></datafield><datafield ind1="0" ind2="4" tag="780"><subfield code="t">Hyde Park times</subfield><subfield code="w">(DLC)sn 89062074</subfield></datafield><datafield ind1="0" ind2="7" tag="785"><subfield code="t">Hyde park news</subfield></datafield><datafield ind1="0" ind2="7" tag="785"><subfield code="t">Hyde park gazette-times and Hyde Park news</subfield><subfield code="w">(DLC)sn 91058032</subfield></datafield></record>